%%==================================================
%% chap1.bib for BIT Master Thesis
%% modified by yang yating
%% version: 0.1
%% last update: Dec 25th, 2016
%%==================================================

%============== 1 ==================
@Article{Zhaopeng2015,
	author  = {GU, Zhaopeng and LIU, Hong},
	title   = {A survey of monocular simultaneous localization and mapping},
	journal = {CAAI Transactions on Intelligent Systems},
	year    = {2015},
	volume  = {10},
	number  = {4},
	pages   = {499--507},
}
%============== 2 ==================
@Article{davison2007monoslam,
	author    = {Davison, Andrew J and Reid, Ian D and Molton, Nicholas D and Stasse, Olivier},
	title     = {MonoSLAM: Real-time single camera SLAM},
	journal   = {IEEE Transactions on Pattern Analysis \& Machine Intelligence},
	year      = {2007},
	number    = {6},
	pages     = {1052--1067},
	publisher = {IEEE},
}
%============== 3 ==================
@Book{barfoot2017state,
	title     = {State Estimation for Robotics},
	publisher = {Cambridge University Press},
	year      = {2017},
	author    = {Barfoot, Timothy D},
}
%============== 4 ==================
@Article{smith1986representation,
	author    = {Smith, Randall C and Cheeseman, Peter},
	title     = {On the representation and estimation of spatial uncertainty},
	journal   = {The international journal of Robotics Research},
	year      = {1986},
	volume    = {5},
	number    = {4},
	pages     = {56--68},
	publisher = {Sage Publications Sage CA: Thousand Oaks, CA},
}
%============== 5 ==================
@Article{durrant1988uncertain,
	author    = {Durrant-Whyte, Hugh F},
	title     = {Uncertain geometry in robotics},
	journal   = {IEEE Journal on Robotics and Automation},
	year      = {1988},
	volume    = {4},
	number    = {1},
	pages     = {23--31},
	publisher = {IEEE},
}
%============== 6 ==================
@InCollection{smith1990estimating,
	author    = {Smith, Randall and Self, Matthew and Cheeseman, Peter},
	title     = {Estimating uncertain spatial relationships in robotics},
	booktitle = {Autonomous robot vehicles},
	publisher = {Springer},
	year      = {1990},
	pages     = {167--193},
}
%============== 7 ==================
@InCollection{durrant1996localization,
	author    = {Durrant-Whyte, Hugh and Rye, David and Nebot, Eduardo},
	title     = {Localization of autonomous guided vehicles},
	booktitle = {Robotics Research},
	publisher = {Springer},
	year      = {1996},
	pages     = {613--625},
}
%============== 8 ==================
@Article{thrun1998probabilistic,
	author    = {Thrun, Sebastian and Burgard, Wolfram and Fox, Dieter},
	title     = {A probabilistic approach to concurrent mapping and localization for mobile robots},
	journal   = {Autonomous Robots},
	year      = {1998},
	volume    = {5},
	number    = {3-4},
	pages     = {253--271},
	publisher = {Springer},
}
%============== 9 ==================
@InProceedings{Davison03real-timesimultaneous,
	author = {Andrew J. Davison},
	title  = {Real-time simultaneous localisation and mapping with a single camera},
	year   = {2003},
	pages  = {1403--1410},
}
%============== 10 ==================
@Misc{Shi94goodfeatures,
	author = {Jianbo Shi and Carlo Tomasi},
	title  = {Good features to track},
	year   = {1994},
}
%============== 11 ==================
@inproceedings{klein2007parallel,
	title={Parallel tracking and mapping for small AR workspaces},
	author={Klein, Georg and Murray, David},
	booktitle={Proceedings of the 2007 6th IEEE and ACM International Symposium on Mixed and Augmented Reality},
	pages={1--10},
	year={2007},
	organization={IEEE Computer Society}
}
%============== 12 ==================
@inproceedings{klein2009parallel,
	title={Parallel tracking and mapping on a camera phone},
	author={Klein, Georg and Murray, David},
	booktitle={2009 8th IEEE International Symposium on Mixed and Augmented Reality},
	pages={83--86},
	year={2009},
	organization={IEEE}
}
%============== 13 ==================
@article{mur2015orb,
	title={ORB-SLAM: a versatile and accurate monocular SLAM system},
	author={Mur-Artal, Raul and Montiel, Jose Maria Martinez and Tardos, Juan D},
	journal={IEEE transactions on robotics},
	volume={31},
	number={5},
	pages={1147--1163},
	year={2015},
	publisher={IEEE}
}
%============== 14 ==================
@article{lowe2004distinctive,
	title={Distinctive image features from scale-invariant keypoints},
	author={Lowe, David G},
	journal={International journal of computer vision},
	volume={60},
	number={2},
	pages={91--110},
	year={2004},
	publisher={Springer}
}
%============== 15 ==================
@article{bay2008speeded,
	title={Speeded-up robust features (SURF)},
	author={Bay, Herbert and Ess, Andreas and Tuytelaars, Tinne and Van Gool, Luc},
	journal={Computer vision and image understanding},
	volume={110},
	number={3},
	pages={346--359},
	year={2008},
	publisher={Elsevier}
}
%============== 16 ==================
@inproceedings{engel2014lsd,
	title={LSD-SLAM: Large-scale direct monocular SLAM},
	author={Engel, Jakob and Sch{\"o}ps, Thomas and Cremers, Daniel},
	booktitle={European conference on computer vision},
	pages={834--849},
	year={2014},
	organization={Springer}
}
%============== 17 ==================
@inproceedings{engel2013semi,
	title={Semi-dense visual odometry for a monocular camera},
	author={Engel, Jakob and Sturm, Jurgen and Cremers, Daniel},
	booktitle={Proceedings of the IEEE international conference on computer vision},
	pages={1449--1456},
	year={2013}
}
%============== 18 ==================
@inproceedings{forster2014svo,
	title={SVO: Fast semi-direct monocular visual odometry},
	author={Forster, Christian and Pizzoli, Matia and Scaramuzza, Davide},
	booktitle={2014 IEEE international conference on robotics and automation (ICRA)},
	pages={15--22},
	year={2014},
	organization={IEEE}
}
%============== 19 ==================
@article{权美香2016视觉,
	title={视觉 SLAM 综述},
	author={权美香 and 朴松昊 and 李国},
	year={2016},
	address={北京},
	publisher={智能系统学报}
}
%============== 20 ==================
@article{刘浩敏2016基于单目视觉的同时定位与地图构建方法综述,
	title={基于单目视觉的同时定位与地图构建方法综述},
	author={刘浩敏 and 章国锋 and 鲍虎军},
	journal={计算机辅助设计与图形学学报},
	volume={28},
	number={6},
	pages={855--868},
	year={2016},
	address={北京}
}
%============== 21 ==================
@article{何俊学2010基于视觉的同时定位与地图构建方法综述,
	title={基于视觉的同时定位与地图构建方法综述},
	author={何俊学 and 李战明},
	journal={計算機應用研究},
	volume={27},
	number={8},
	pages={2839--2844},
	year={2010},
	publisher={計算機應用研究編輯部}
}
%============== 22 ==================
@article{zhou2015structslam,
	title={StructSLAM: Visual SLAM with building structure lines},
	author={Zhou, Huizhong and Zou, Danping and Pei, Ling and Ying, Rendong and Liu, Peilin and Yu, Wenxian},
	journal={IEEE Transactions on Vehicular Technology},
	volume={64},
	number={4},
	pages={1364--1375},
	year={2015},
	publisher={IEEE}
}
%============== 23 ==================
@article{zou2013coslam,
	title={Coslam: Collaborative visual slam in dynamic environments},
	author={Zou, Danping and Tan, Ping},
	journal={IEEE transactions on pattern analysis and machine intelligence},
	volume={35},
	number={2},
	pages={354--366},
	year={2013},
	publisher={IEEE}
}
%============== 24 ==================
@inproceedings{tan2013robust,
	title={Robust monocular SLAM in dynamic environments},
	author={Tan, Wei and Liu, Haomin and Dong, Zilong and Zhang, Guofeng and Bao, Hujun},
	booktitle={2013 IEEE International Symposium on Mixed and Augmented Reality (ISMAR)},
	pages={209--218},
	year={2013},
	organization={IEEE}
}
%============== 25 ==================
@article{fischler1981random,
	title={Random sample consensus: a paradigm for model fitting with applications to image analysis and automated cartography},
	author={Fischler, Martin A and Bolles, Robert C},
	journal={Communications of the ACM},
	volume={24},
	number={6},
	pages={381--395},
	year={1981},
	publisher={ACM}
}
%============== 26 ==================
@inproceedings{liu2016robust,
	title={Robust keyframe-based monocular SLAM for augmented reality},
	author={Liu, Haomin and Zhang, Guofeng and Bao, Hujun},
	booktitle={2016 IEEE International Symposium on Mixed and Augmented Reality (ISMAR)},
	pages={1--10},
	year={2016},
	organization={IEEE}
}
%============== 27 ==================
@article{liu2017robustRGB,
	title={Robust keyframe-based dense SLAM with an RGB-D camera},
	author={Liu, Haomin and Li, Chen and Chen, Guojun and Zhang, Guofeng and Kaess, Michael and Bao, Hujun},
	journal={arXiv preprint arXiv:1711.05166},
	year={2017}
}
%============== 28 ==================
@article{martinelli2014closed,
	title={Closed-form solution of visual-inertial structure from motion},
	author={Martinelli, Agostino},
	journal={International journal of computer vision},
	volume={106},
	number={2},
	pages={138--152},
	year={2014},
	publisher={Springer}
}
%============== 29 ==================
@inproceedings{mourikis2007multi,
	title={A multi-state constraint Kalman filter for vision-aided inertial navigation},
	author={Mourikis, Anastasios I and Roumeliotis, Stergios I},
	booktitle={Proceedings 2007 IEEE International Conference on Robotics and Automation},
	pages={3565--3572},
	year={2007},
	organization={IEEE}
}
%============== 30 ==================
@article{li2013high,
	title={High-precision, consistent EKF-based visual-inertial odometry},
	author={Li, Mingyang and Mourikis, Anastasios I},
	journal={The International Journal of Robotics Research},
	volume={32},
	number={6},
	pages={690--711},
	year={2013},
	publisher={SAGE Publications Sage UK: London, England}
}
%============== 31 ==================
@inproceedings{bloesch2015robust,
	title={Robust visual inertial odometry using a direct EKF-based approach},
	author={Bloesch, Michael and Omari, Sammy and Hutter, Marco and Siegwart, Roland},
	booktitle={2015 IEEE/RSJ international conference on intelligent robots and systems (IROS)},
	pages={298--304},
	year={2015},
	organization={IEEE}
}
%============== 32 ==================
@inproceedings{lynen2013robust,
	title={A robust and modular multi-sensor fusion approach applied to mav navigation},
	author={Lynen, Simon and Achtelik, Markus W and Weiss, Stephan and Chli, Margarita and Siegwart, Roland},
	booktitle={2013 IEEE/RSJ international conference on intelligent robots and systems},
	pages={3923--3929},
	year={2013},
	organization={IEEE}
}
%============== 33 ==================
@MISC{Leutenegger_keyframe-basedvisual-inertial,
	author = {Stefan Leutenegger and Paul Furgale and Vincent Rabaud and Margarita Chli and Kurt Konolige},
	title = {Keyframe-Based Visual-Inertial SLAM Using Nonlinear Optimization},
	year = {}
}
%============== 34 ==================
@inproceedings{leutenegger2011brisk,
	title={BRISK: Binary robust invariant scalable keypoints},
	author={Leutenegger, Stefan and Chli, Margarita and Siegwart, Roland},
	booktitle={2011 IEEE international conference on computer vision (ICCV)},
	pages={2548--2555},
	year={2011},
	organization={Ieee}
}
%============== 35 ==================
@article{smith2002fast,
	title={Fast robust automated brain extraction},
	author={Smith, Stephen M},
	journal={Human brain mapping},
	volume={17},
	number={3},
	pages={143--155},
	year={2002},
	publisher={Wiley Online Library}
}
%============== 36 ==================
@article{qin2018vins,
	title={Vins-mono: A robust and versatile monocular visual-inertial state estimator},
	author={Qin, Tong and Li, Peiliang and Shen, Shaojie},
	journal={IEEE Transactions on Robotics},
	volume={34},
	number={4},
	pages={1004--1020},
	year={2018},
	publisher={IEEE}
}
%============== 37 ==================
@inproceedings{falquez2016inertial,
	title={Inertial aided dense \& semi-dense methods for robust direct visual odometry},
	author={Falquez, Juan M and Kasper, Michael and Sibley, Gabe},
	booktitle={2016 IEEE/RSJ International Conference on Intelligent Robots and Systems (IROS)},
	pages={3601--3607},
	year={2016},
	organization={IEEE}
}
%============== 38 ==================
@article{sola2017quaternion,
	title={Quaternion kinematics for the error-state Kalman filter},
	author={Sola, Joan},
	journal={arXiv preprint arXiv:1711.02508},
	year={2017}
}
%============== 39 ==================
@article{orey1973sample,
	title={Sample functions of the N-parameter Wiener process},
	author={Orey, Steven and Pruitt, William E},
	journal={The Annals of Probability},
	pages={138--163},
	year={1973},
	publisher={JSTOR}
}
%============== 40 ==================
@article{butala2017modeling,
	title={Modeling geomagnetically induced currents from magnetometer measurements: Spatial scale assessed with reference measurements},
	author={Butala, Mark D and Kazerooni, Maryam and Makela, Jonathan J and Kamalabadi, Farzad and Gannon, Jennifer L and Zhu, Hao and Overbye, Thomas J},
	journal={Space Weather},
	volume={15},
	number={10},
	pages={1357--1372},
	year={2017},
	publisher={AGU}
}
%============== 41 ==================
@article{zhang2000flexible,
	title={A flexible new technique for camera calibration},
	author={Zhang, Zhengyou},
	journal={IEEE Transactions on pattern analysis and machine intelligence},
	volume={22},
	year={2000}
}
%============== 42 ==================
@incollection{more1978levenberg,
	title={The Levenberg-Marquardt algorithm: implementation and theory},
	author={Mor{\'e}, Jorge J},
	booktitle={Numerical analysis},
	pages={105--116},
	year={1978},
	publisher={Springer}
}
%============== 43 ==================
@inproceedings{vagner2012experience,
	title={Experience with Allan variance method for MEMS gyroscope performance characterization},
	author={Vagner, Martin and Bene{\v{s}}, Petr and Havr{\'a}nek, Zden{\v{e}}k},
	booktitle={2012 IEEE International Instrumentation and Measurement Technology Conference Proceedings},
	pages={1343--1347},
	year={2012},
	organization={IEEE}
}
%============== 44 ==================
@inproceedings{furgale2012continuous,
	title={Continuous-time batch estimation using temporal basis functions},
	author={Furgale, Paul and Barfoot, Timothy D and Sibley, Gabe},
	booktitle={2012 IEEE International Conference on Robotics and Automation},
	pages={2088--2095},
	year={2012},
	organization={IEEE}
}
%============== 45 ==================
@inproceedings{furgale2013unified,
	title={Unified temporal and spatial calibration for multi-sensor systems},
	author={Furgale, Paul and Rehder, Joern and Siegwart, Roland},
	booktitle={2013 IEEE/RSJ International Conference on Intelligent Robots and Systems},
	pages={1280--1286},
	year={2013},
	organization={IEEE}
}
%============== 46 ==================
@book{Fairchild2016ROS,
	title={ROS Robotics By Example},
	author={Fairchild, Carol and Harman, Thomas L.},
	year={2016},
}
%============== 47 ==================
@book{高翔2017视觉,
	title={视觉 SLAM 十四讲: 从理论到实践},
	author={高翔},
	year={2017},
	language={},
	address={北京},
	publisher={电子工业出版社}
}

%============== 48 ==================
@inproceedings{harris1988combined,
	title={A combined corner and edge detector.},
	author={Harris, Christopher G and Stephens, Mike and others},
	booktitle={Alvey vision conference},
	volume={15},
	number={50},
	pages={10--5244},
	year={1988},
	organization={Citeseer}
}
%============== 49 ==================
@inproceedings{rosten2006machine,
	title={Machine learning for high-speed corner detection},
	author={Rosten, Edward and Drummond, Tom},
	booktitle={European conference on computer vision},
	pages={430--443},
	year={2006},
	organization={Springer}
}
%============== 50 ==================
@inproceedings{blaschko2011branch,
	title={Branch and bound strategies for non-maximal suppression in object detection},
	author={Blaschko, Matthew B},
	booktitle={International Workshop on Energy Minimization Methods in Computer Vision and Pattern Recognition},
	pages={385--398},
	year={2011},
	organization={Springer}
}
%============== 51 ==================
@article{bouguet2001pyramidal,
	title={Pyramidal implementation of the affine lucas kanade feature tracker description of the algorithm},
	author={Bouguet, Jean-Yves and others},
	journal={Intel Corporation},
	volume={5},
	number={1-10},
	pages={4},
	year={2001}
}
%============== 52 ==================
@article{fischler1981random2,
	title={Random sample consensus: a paradigm for model fitting with applications to image analysis and automated cartography},
	author={Fischler, Martin A and Bolles, Robert C},
	journal={Communications of the ACM},
	volume={24},
	number={6},
	pages={381--395},
	year={1981},
	publisher={ACM}
}
%============== 53 ==================
@inproceedings{forster2015imu,
	title={IMU preintegration on manifold for efficient visual-inertial maximum-a-posteriori estimation},
	author={Forster, Christian and Carlone, Luca and Dellaert, Frank and Scaramuzza, Davide},
	year={2015},
	organization={Georgia Institute of Technology}
}
%============== 54 ==================
@inproceedings{shen2015tightly,
	title={Tightly-coupled monocular visual-inertial fusion for autonomous flight of rotorcraft MAVs},
	author={Shen, Shaojie and Michael, Nathan and Kumar, Vijay},
	booktitle={2015 IEEE International Conference on Robotics and Automation (ICRA)},
	pages={5303--5310},
	year={2015},
	organization={IEEE}
}
%============== 55 ==================
@article{nister2004efficient,
	title={An efficient solution to the five-point relative pose problem},
	author={Nist{\'e}r, David},
	journal={IEEE transactions on pattern analysis and machine intelligence},
	volume={26},
	number={6},
	pages={0756--777},
	year={2004},
	publisher={IEEE Computer Society}
}
%============== 56 ==================
@book{hartley2003multiple,
	title={Multiple view geometry in computer vision},
	author={Hartley, Richard and Zisserman, Andrew},
	year={2003},
	publisher={Cambridge university press}
}
%============== 57 ==================
@article{Hartley1997In,
	title={In defense of the eight-point algorithm},
	author={Hartley, R. I.},
	journal={IEEE Pami},
	volume={19},
	number={6},
	pages={580-593},
	year={1997},
}
%============== 58 ==================
@article{longuet1981computer,
	title={A computer algorithm for reconstructing a scene from two projections},
	author={Longuet-Higgins, H Christopher},
	journal={Nature},
	volume={293},
	number={5828},
	pages={133},
	year={1981},
	publisher={Nature Publishing Group}
}
%============== 59 ==================
@article{gao2003complete,
	title={Complete solution classification for the perspective-three-point problem},
	author={Gao, Xiao-Shan and Hou, Xiao-Rong and Tang, Jianliang and Cheng, Hang-Fei},
	journal={IEEE transactions on pattern analysis and machine intelligence},
	volume={25},
	number={8},
	pages={930--943},
	year={2003},
	publisher={IEEE}
}
%============== 60 ==================
@article{lepetit2009epnp,
	title={Epnp: An accurate o (n) solution to the pnp problem},
	author={Lepetit, Vincent and Moreno-Noguer, Francesc and Fua, Pascal},
	journal={International journal of computer vision},
	volume={81},
	number={2},
	pages={155},
	year={2009},
	publisher={Springer}
}
%============== 61 ==================
@article{penate2013exhaustive,
	title={Exhaustive linearization for robust camera pose and focal length estimation},
	author={Penate-Sanchez, Adrian and Andrade-Cetto, Juan and Moreno-Noguer, Francesc},
	journal={IEEE transactions on pattern analysis and machine intelligence},
	volume={35},
	number={10},
	pages={2387--2400},
	year={2013},
	publisher={IEEE}
}
%============== 62 ==================
@inproceedings{triggs1999bundle,
	title={Bundle adjustment—a modern synthesis},
	author={Triggs, Bill and McLauchlan, Philip F and Hartley, Richard I and Fitzgibbon, Andrew W},
	booktitle={International workshop on vision algorithms},
	pages={298--372},
	year={1999},
	organization={Springer}
}
%============== 63 ==================
@article{granshaw1980bundle,
	title={Bundle adjustment methods in engineering photogrammetry},
	author={Granshaw, SI},
	journal={The Photogrammetric Record},
	volume={10},
	number={56},
	pages={181--207},
	year={1980},
	publisher={Wiley Online Library}
}
%============== 64 ==================
@article{ullman1979interpretation,
	title={The interpretation of structure from motion},
	author={Ullman, Shimon},
	journal={Proceedings of the Royal Society of London. Series B. Biological Sciences},
	volume={203},
	number={1153},
	pages={405--426},
	year={1979},
	publisher={The Royal Society London}
}
%============== 65 ==================
@article{mur2017visual,
	title={Visual-inertial monocular SLAM with map reuse},
	author={Mur-Artal, Ra{\'u}l and Tard{\'o}s, Juan D},
	journal={IEEE Robotics and Automation Letters},
	volume={2},
	number={2},
	pages={796--803},
	year={2017},
	publisher={IEEE}
}
%============== 66 ==================
@incollection{huber1992robust,
	title={Robust estimation of a location parameter},
	author={Huber, Peter J},
	booktitle={Breakthroughs in statistics},
	pages={492--518},
	year={1992},
	publisher={Springer}
}
%============== 67 ==================
@article{Paz2008Divide,
	title={Divide and conquer: EKF SLAM in O(n)},
	author={Paz, L. M. and Tardos, J. D. and Neira, José},
	journal={IEEE Transactions on Robotics},
	volume={24},
	number={5},
	pages={1107-1120},
	year={2008},
}
%============== 68 ==================
@article{sibley2010sliding,
	title={Sliding window filter with application to planetary landing},
	author={Sibley, Gabe and Matthies, Larry and Sukhatme, Gaurav},
	journal={Journal of Field Robotics},
	volume={27},
	number={5},
	pages={587--608},
	year={2010},
	publisher={Wiley Online Library}
}
%============== 69 ==================
@inproceedings{hahnel2003efficient,
	title={An efficient FastSLAM algorithm for generating maps of large-scale cyclic environments from raw laser range measurements},
	author={Hahnel, Dirk and Burgard, Wolfram and Fox, Dieter and Thrun, Sebastian},
	booktitle={Proceedings 2003 IEEE/RSJ International Conference on Intelligent Robots and Systems (IROS 2003)(Cat. No. 03CH37453)},
	volume={1},
	pages={206--211},
	year={2003},
	organization={IEEE}
}
%============== 70 ==================
@inproceedings{ulrich2000appearance,
	title={Appearance-based place recognition for topological localization},
	author={Ulrich, Iwan and Nourbakhsh, Illah},
	booktitle={Proceedings 2000 ICRA. Millennium Conference. IEEE International Conference on Robotics and Automation. Symposia Proceedings (Cat. No. 00CH37065)},
	volume={2},
	pages={1023--1029},
	year={2000},
	organization={Ieee}
}
%============== 71 ==================
@article{latif2013robust,
	title={Robust loop closing over time for pose graph SLAM},
	author={Latif, Yasir and Cadena, C{\'e}sar and Neira, Jos{\'e}},
	journal={The International Journal of Robotics Research},
	volume={32},
	number={14},
	pages={1611--1626},
	year={2013},
	publisher={SAGE Publications Sage UK: London, England}
}
%============== 72 ==================
@article{mur2015orb,
	title={ORB-SLAM: a versatile and accurate monocular SLAM system},
	author={Mur-Artal, Raul and Montiel, Jose Maria Martinez and Tardos, Juan D},
	journal={IEEE transactions on robotics},
	volume={31},
	number={5},
	pages={1147--1163},
	year={2015},
	publisher={IEEE}
}
%============== 73 ==================
@inproceedings{filliat2007visual,
	title={A visual bag of words method for interactive qualitative localization and mapping},
	author={Filliat, David},
	booktitle={Proceedings 2007 IEEE International Conference on Robotics and Automation},
	pages={3921--3926},
	year={2007},
	organization={IEEE}
}
%============== 74 ==================
@article{galvez2012bags,
	title={Bags of binary words for fast place recognition in image sequences},
	author={G{\'a}lvez-L{\'o}pez, Dorian and Tardos, Juan D},
	journal={IEEE Transactions on Robotics},
	volume={28},
	number={5},
	pages={1188--1197},
	year={2012},
	publisher={IEEE}
}
%============== 75 ==================
@article{jain2010data,
	title={Data clustering: 50 years beyond K-means},
	author={Jain, Anil K},
	journal={Pattern recognition letters},
	volume={31},
	number={8},
	pages={651--666},
	year={2010},
	publisher={Elsevier}
}
%============== 76 ==================
@inproceedings{sivic2003video,
	title={Video Google: A text retrieval approach to object matching in videos},
	author={Sivic, Josef and Zisserman, Andrew},
	booktitle={null},
	pages={1470},
	year={2003},
	organization={IEEE}
}
%============== 77 ==================
@article{robertson2004understanding,
	title={Understanding inverse document frequency: on theoretical arguments for IDF},
	author={Robertson, Stephen},
	journal={Journal of documentation},
	volume={60},
	number={5},
	pages={503--520},
	year={2004},
	publisher={Emerald Group Publishing Limited}
}
%============== 78 ==================
@article{burri2016euroc,
	title={The EuRoC micro aerial vehicle datasets},
	author={Burri, Michael and Nikolic, Janosch and Gohl, Pascal and Schneider, Thomas and Rehder, Joern and Omari, Sammy and Achtelik, Markus W and Siegwart, Roland},
	journal={The International Journal of Robotics Research},
	volume={35},
	number={10},
	pages={1157--1163},
	year={2016},
	publisher={SAGE Publications Sage UK: London, England}
}
%============== 79 ==================
@inproceedings{delmerico2018benchmark,
	title={A benchmark comparison of monocular visual-inertial odometry algorithms for flying robots},
	author={Delmerico, Jeffrey and Scaramuzza, Davide},
	booktitle={2018 IEEE International Conference on Robotics and Automation (ICRA)},
	pages={2502--2509},
	year={2018},
	organization={IEEE}
}
%============== 80 ==================
